<record><leader>00000cas a2200000 a 4500</leader><controlfield tag="001">2257374</controlfield><controlfield tag="008">760620d17841833ctuwr ne      0   a0eng  </controlfield><datafield ind1=" " ind2=" " tag="010"><subfield code="a">sn 82014349 </subfield></datafield><datafield ind1=" " ind2=" " tag="040"><subfield code="a">DLC</subfield><subfield code="b">eng</subfield><subfield code="c">PIT</subfield><subfield code="d">DLC</subfield><subfield code="d">NPV</subfield><subfield code="d">NYG</subfield><subfield code="d">DLC</subfield><subfield code="d">NPX</subfield><subfield code="d">NPA</subfield><subfield code="d">NPY</subfield><subfield code="d">NPU</subfield><subfield code="d">DLC</subfield><subfield code="d">NJW</subfield><subfield code="d">NPH</subfield><subfield code="d">YOX</subfield><subfield code="d">KNP</subfield><subfield code="d">CNW</subfield><subfield code="d">NST</subfield><subfield code="d">MGN</subfield><subfield code="d">CNW</subfield><subfield code="d">CNK</subfield><subfield code="d">FUG</subfield><subfield code="d">TGN</subfield><subfield code="d">OBN</subfield><subfield code="d">OCL</subfield><subfield code="d">CVF</subfield><subfield code="d">NYS</subfield><subfield code="d">DLC</subfield><subfield code="d">OCLCQ</subfield><subfield code="d">KRTAS</subfield><subfield code="d">DLC</subfield><subfield code="d">OCLCQ</subfield><subfield code="d">OCLCF</subfield><subfield code="d">DLC</subfield><subfield code="d">HMM</subfield></datafield><datafield ind1="0" ind2=" " tag="022"><subfield code="a">2575-0704</subfield><subfield code="2">1</subfield></datafield><datafield ind1=" " ind2=" " tag="042"><subfield code="a">pcc</subfield><subfield code="a">nsdp</subfield></datafield><datafield ind1=" " ind2=" " tag="043"><subfield code="a">n-us-ct</subfield></datafield><datafield ind1=" " ind2=" " tag="045"><subfield code="a">v8w3</subfield></datafield><datafield ind1="0" ind2="0" tag="050"><subfield code="a">Newspaper</subfield></datafield><datafield ind1=" " ind2=" " tag="052"><subfield code="a">3783</subfield><subfield code="b">H3</subfield></datafield><datafield ind1="1" ind2="0" tag="082"><subfield code="a">071.3</subfield><subfield code="2">23</subfield></datafield><datafield ind1="0" ind2=" " tag="130"><subfield code="a">American mercury (Hartford, Conn. : 1784 : Weekly)</subfield></datafield><datafield ind1=" " ind2="4" tag="222"><subfield code="a">The American mercury</subfield><subfield code="b">(Hartford, Conn.)</subfield></datafield><datafield ind1="1" ind2="4" tag="245"><subfield code="a">The American mercury.</subfield></datafield><datafield ind1="1" ind2="3" tag="246"><subfield code="a">Connecticut American mercury</subfield></datafield><datafield ind1=" " ind2=" " tag="260"><subfield code="a">Hartford, Conn. :</subfield><subfield code="b">Barlow and Babcock,</subfield><subfield code="c">1784-1833.</subfield></datafield><datafield ind1=" " ind2=" " tag="300"><subfield code="a">v.</subfield></datafield><datafield ind1=" " ind2=" " tag="310"><subfield code="a">Weekly</subfield></datafield><datafield ind1=" " ind2=" " tag="336"><subfield code="a">text</subfield><subfield code="b">txt</subfield><subfield code="2">rdacontent</subfield></datafield><datafield ind1=" " ind2=" " tag="337"><subfield code="a">unmediated</subfield><subfield code="b">n</subfield><subfield code="2">rdamedia</subfield></datafield><datafield ind1=" " ind2=" " tag="338"><subfield code="a">volume</subfield><subfield code="b">nc</subfield><subfield code="2">rdacarrier</subfield></datafield><datafield ind1="0" ind2=" " tag="362"><subfield code="a">Vol. 1, no. 1 (July 12, 1784)-v. 49, no. 2556 (June 25, 1833).</subfield></datafield><datafield ind1=" " ind2=" " tag="500"><subfield code="a">At head of title: "Connecticut", July 12, 1784-Mar. 1785.</subfield></datafield><datafield ind1=" " ind2=" " tag="530"><subfield code="a">Available on microfilm and microopaque from Readex Microprint Corp.</subfield></datafield><datafield ind1=" " ind2=" " tag="580"><subfield code="a">Printed from same office: Echo (Hartford, Conn.).</subfield></datafield><datafield ind1=" " ind2="0" tag="651"><subfield code="a">Hartford (Conn.)</subfield><subfield code="v">Newspapers.</subfield></datafield><datafield ind1=" " ind2="0" tag="651"><subfield code="a">Hartford County (Conn.)</subfield><subfield code="v">Newspapers.</subfield></datafield><datafield ind1=" " ind2="7" tag="651"><subfield code="a">Connecticut</subfield><subfield code="z">Hartford.</subfield><subfield code="2">fast</subfield><subfield code="0">(OCoLC)fst01207441</subfield></datafield><datafield ind1=" " ind2="7" tag="651"><subfield code="a">Connecticut</subfield><subfield code="z">Hartford County.</subfield><subfield code="2">fast</subfield><subfield code="0">(OCoLC)fst01211874</subfield></datafield><datafield ind1=" " ind2="7" tag="655"><subfield code="a">Newspapers.</subfield><subfield code="2">fast</subfield><subfield code="0">(OCoLC)fst01423814</subfield></datafield><datafield ind1=" " ind2=" " tag="752"><subfield code="a">United States</subfield><subfield code="b">Connecticut</subfield><subfield code="c">Hartford</subfield><subfield code="d">Hartford.</subfield></datafield><datafield ind1="0" ind2="5" tag="780"><subfield code="t">Connecticut mirror</subfield><subfield code="x">2575-0690</subfield><subfield code="w">(DLC)sn 82014094</subfield><subfield code="w">(OCoLC)2259736</subfield></datafield><datafield ind1="0" ind2="0" tag="785"><subfield code="t">Independent press (Hartford, Conn.)</subfield><subfield code="x">2575-0712</subfield><subfield code="w">(DLC)sn 84023084</subfield><subfield code="w">(OCoLC)10761470</subfield></datafield><datafield ind1="1" ind2=" " tag="787"><subfield code="t">Echo (Hartford, Conn.)</subfield></datafield><datafield ind1=" " ind2=" " tag="938"><subfield code="a">Kirtas Technologies, Inc.</subfield><subfield code="b">KRTS</subfield><subfield code="n">734141</subfield></datafield></record>